<record><leader>00000cas a2200000 a 4500</leader><controlfield tag="001">21052353</controlfield><controlfield tag="008">900212d189u189umouwr ne      0    0eng c</controlfield><datafield ind1=" " ind2=" " tag="010"><subfield code="a">sn 90061168 </subfield></datafield><datafield ind1=" " ind2=" " tag="040"><subfield code="a">MQN</subfield><subfield code="b">eng</subfield><subfield code="c">MQN</subfield><subfield code="d">NVF</subfield><subfield code="d">OCLCQ</subfield><subfield code="d">OCLCF</subfield><subfield code="d">OCLCO</subfield></datafield><datafield ind1="1" ind2=" " tag="029"><subfield code="a">AU@</subfield><subfield code="b">000020592961</subfield></datafield><datafield ind1=" " ind2=" " tag="042"><subfield code="a">pcc</subfield></datafield><datafield ind1=" " ind2=" " tag="043"><subfield code="a">n-us-mo</subfield></datafield><datafield ind1="0" ind2="0" tag="245"><subfield code="a">Nevada director.</subfield></datafield><datafield ind1=" " ind2=" " tag="260"><subfield code="a">Nevada, Vernon County, Mo. :</subfield><subfield code="b">J.W. Ozias</subfield></datafield><datafield ind1=" " ind2=" " tag="300"><subfield code="a">v.</subfield></datafield><datafield ind1=" " ind2=" " tag="310"><subfield code="a">Weekly</subfield></datafield><datafield ind1="1" ind2=" " tag="362"><subfield code="a">Began in 1892? Ceased in 1899?</subfield></datafield><datafield ind1=" " ind2=" " tag="588"><subfield code="a">Description based on: 3rd year, no. 1 (July 20, 1894).</subfield></datafield><datafield ind1=" " ind2="0" tag="651"><subfield code="a">Nevada (Mo.)</subfield><subfield code="v">Newspapers.</subfield></datafield><datafield ind1=" " ind2="7" tag="655"><subfield code="a">Newspapers.</subfield><subfield code="2">fast</subfield><subfield code="0">(OCoLC)fst01423814</subfield></datafield><datafield ind1=" " ind2="7" tag="651"><subfield code="a">Missouri</subfield><subfield code="z">Nevada.</subfield><subfield code="2">fast</subfield><subfield code="0">(OCoLC)fst01220812</subfield></datafield><datafield ind1=" " ind2=" " tag="752"><subfield code="a">United States</subfield><subfield code="b">Missouri</subfield><subfield code="c">Vernon</subfield><subfield code="d">Nevada.</subfield></datafield><datafield ind1="0" ind2=" " tag="775"><subfield code="t">Nevada daily director</subfield><subfield code="w">(DLC)sn 90061169</subfield><subfield code="w">(OCoLC)21052362</subfield></datafield></record>